@inproceedings{10.1145/3240323.3240398,
author = {Misra, Rishabh and Wan, Mengting and McAuley, Julian},
title = {Decomposing Fit Semantics for Product Size Recommendation in Metric Spaces},
year = {2018},
isbn = {9781450359016},
publisher = {Association for Computing Machinery},
address = {New York, NY, USA},
url = {https://doi.org/10.1145/3240323.3240398},
doi = {10.1145/3240323.3240398},
booktitle = {Proceedings of the 12th ACM Conference on Recommender Systems},
pages = {422–426},
numpages = {5},
location = {Vancouver, British Columbia, Canada},
series = {RecSys ’18}
}
  
@inproceedings{colab_filtering,
author = {Schafer, Ben and J, Ben and Frankowski, Dan and Dan, and Herlocker, and Jon, and Shilad, and Sen, Shilad},
year = {2007},
month = {01},
pages = {},
title = {Collaborative Filtering Recommender Systems}
}

@article{10.1109/5254.708428,
author = {Hearst, Marti A.},
title = {Support Vector Machines},
year = {1998},
issue_date = {July 1998},
publisher = {IEEE Educational Activities Department},
address = {USA},
volume = {13},
number = {4},
issn = {1541-1672},
url = {https://doi.org/10.1109/5254.708428},
doi = {10.1109/5254.708428},
journal = {IEEE Intelligent Systems},
month = jul,
pages = {18–28},
numpages = {11}
}
  


@incollection{NIPS2015_5846,
title = {End-To-End Memory Networks},
author = {Sukhbaatar, Sainbayar and szlam, arthur and Weston, Jason and Fergus, Rob},
booktitle = {Advances in Neural Information Processing Systems 28},
editor = {C. Cortes and N. D. Lawrence and D. D. Lee and M. Sugiyama and R. Garnett},
pages = {2440--2448},
year = {2015},
publisher = {Curran Associates, Inc.},
url = {http://papers.nips.cc/paper/5846-end-to-end-memory-networks.pdf}
}

@article{gru,
  author    = {Junyoung Chung and
               {\c{C}}aglar G{\"{u}}l{\c{c}}ehre and
               KyungHyun Cho and
               Yoshua Bengio},
  title     = {Empirical Evaluation of Gated Recurrent Neural Networks on Sequence
               Modeling},
  journal   = {CoRR},
  volume    = {abs/1412.3555},
  year      = {2014},
  url       = {http://arxiv.org/abs/1412.3555},
  archivePrefix = {arXiv},
  eprint    = {1412.3555},
  timestamp = {Mon, 13 Aug 2018 16:47:38 +0200},
  biburl    = {https://dblp.org/rec/journals/corr/ChungGCB14.bib},
  bibsource = {dblp computer science bibliography, https://dblp.org}
}

@inproceedings{yang-etal-2016-hierarchical,
    title = "Hierarchical Attention Networks for Document Classification",
    author = "Yang, Zichao  and
      Yang, Diyi  and
      Dyer, Chris  and
      He, Xiaodong  and
      Smola, Alex  and
      Hovy, Eduard",
    booktitle = "Proceedings of the 2016 Conference of the North {A}merican Chapter of the Association for Computational Linguistics: Human Language Technologies",
    month = jun,
    year = "2016",
    address = "San Diego, California",
    publisher = "Association for Computational Linguistics",
    url = "https://www.aclweb.org/anthology/N16-1174",
    doi = "10.18653/v1/N16-1174",
    pages = "1480--1489",
}

@article{devlin2018bert,
  title={Bert: Pre-training of deep bidirectional transformers for language understanding},
  author={Devlin, Jacob and Chang, Ming-Wei and Lee, Kenton and Toutanova, Kristina},
  journal={arXiv preprint arXiv:1810.04805},
  year={2018}
}

@inproceedings{
Lan2020ALBERT,
title={ALBERT: A Lite BERT for Self-supervised Learning of Language Representations},
author={Zhenzhong Lan and Mingda Chen and Sebastian Goodman and Kevin Gimpel and Piyush Sharma and Radu Soricut},
booktitle={International Conference on Learning Representations},
year={2020},
url={https://openreview.net/forum?id=H1eA7AEtvS}
}

@article{nltk,
  added-at = {2020-01-10T00:00:00.000+0100},
  author = {Loper, Edward and Bird, Steven},
  biburl = {https://www.bibsonomy.org/bibtex/2eac35636d7e2bb4a0264313ed0791372/dblp},
  ee = {https://arxiv.org/abs/cs/0205028},
  interhash = {1af05e5f1cea0feeea8da5f68707a841},
  intrahash = {eac35636d7e2bb4a0264313ed0791372},
  journal = {CoRR},
  keywords = {dblp},
  timestamp = {2020-01-11T11:43:05.000+0100},
  title = {NLTK: The Natural Language Toolkit},
  url = {http://dblp.uni-trier.de/db/journals/corr/corr0205.html#cs-CL-0205028},
  volume = {cs.CL/0205028},
  year = 2002
}




@inproceedings{pennington2014glove,
  author = {Jeffrey Pennington and Richard Socher and Christopher D. Manning},
  booktitle = {Empirical Methods in Natural Language Processing (EMNLP)},
  title = {GloVe: Global Vectors for Word Representation},
  year = {2014},
  pages = {1532--1543},
  url = {http://www.aclweb.org/anthology/D14-1162},
}

